@Book{OED2000,
	title = {The Oxford English Dictionary},
	publisher = {Oxford University Press},
	edition = {5th},
	year = {2000},
	type = {Book, Online},
	language = {English},
	subjects = {English language - Dictionaries - Databases.},
	life-dates = {2000 - 9999},
	catalogue-url = {http://nla.gov.au/nla.cat-vn421799}
}

@electronic{NE555,
  author        = "ST Microelectronics",
  title         = "{NE}555, {SA}555 - {SE}555 {G}eneral {P}urpose {S}ingle {B}ipolar {T}imers",
  year          = "1998"
}

@electronic{CMOS-7555,
  author        = "Philips Electronics North America Corporation",
  title         = "Linear {P}roducts {P}roduct specification, {CMOS} timer {ICM}7555",
  month 				= {Aug},
  year          = "1994"
}

@electronic{SA612A,
  author        = "Philips Electronics North America Corporation",
  title         = "{SA612A} {D}ouble-balanced mixer and oscillator",
  month 				= {Nov},
  year          = "1997"
}

@electronic{HEF4046B,
  author        = "Philips Semiconductors",
  title         = "{HEF4046B} {MSI} {P}hase-locked loop",
  month 				= {Jan},
  year          = "1995"
}

@electronic{TL081,
  author        = "Texas Instruments Incorporated",
  title         = "{TL081 JFET} INPUT OPERATIONAL AMPLIFIERS",
  month 				= {Sep},
  year          = "2004"
}

@article{Joo-Young-Lee2007,
  title={Determination of Hand Surface Area by Sex and Body Shape using Alginate},
  author={Joo-Young Lee and Jeong-Wha Choi and Ho Kim},
  journal={Journal of PHYSIOLOGICAL ANTHROPOLOGY},
  volume={26},
  number={4},
  pages={475-483},
  year={2007}
}

@article{Johnson28,
  volume = {32},
  journal = {Phys. Rev.},
  author = {Johnson, J. B.},
  month = {Jul},
  url = {http://link.aps.org/doi/10.1103/PhysRev.32.97},
  doi = {10.1103/PhysRev.32.97},
  year = {1928},
  title = {Thermal Agitation of Electricity in Conductors},
  issue = {1},
  publisher = {American Physical Society},
  pages = {97--109}
}
